<?xml version="1.0" encoding="UTF-8"?>
<collection xmlns:xsi="http://www.w3.org/2001/XMLSchema-instance" xsi:schemaLocation="http://www.loc.gov/MARC21/slim http://www.loc.gov/standards/marcxml/schema/MARC21slim.xsd" xmlns="http://www.loc.gov/MARC21/slim">
<record>
  <leader>00801cam a22002051  4500</leader>
  <controlfield tag="001">867058</controlfield>
  <controlfield tag="003">NNC</controlfield>
  <controlfield tag="005">20151221161938.0</controlfield>
  <controlfield tag="008">891009s1875    ua            000 0 ara d</controlfield>
  <datafield tag="035" ind1=" " ind2=" ">
    <subfield code="a">(OCoLC)ocm20458429</subfield>
  </datafield>
  <datafield tag="035" ind1=" " ind2=" ">
    <subfield code="9">AES0535CU</subfield>
  </datafield>
  <datafield tag="035" ind1=" " ind2=" ">
    <subfield code="a">(NNC)867058</subfield>
  </datafield>
  <datafield tag="040" ind1=" " ind2=" ">
    <subfield code="a">ZCU</subfield>
    <subfield code="c">ZCU</subfield>
  </datafield>
  <datafield tag="090" ind1=" " ind2=" ">
    <subfield code="a">B753.B33</subfield>
    <subfield code="b">H3</subfield>
  </datafield>
  <datafield tag="100" ind1="1" ind2=" ">
    <subfield code="a">Bājūrī, Ibrāhīm ibn Muḥammad,</subfield>
    <subfield code="d">1783 or 1784-1860.</subfield>
  </datafield>
  <datafield tag="245" ind1="0" ind2="0">
    <subfield code="a">Ḥāshiyat al-shaykh Ibrāhīm al-Bājūrī ʻalá Mukhtaṣar, al-shaykh Muḥammad al-Sanūsī fī fann al-manṭiq.</subfield>
  </datafield>
  <datafield tag="260" ind1=" " ind2=" ">
    <subfield code="a">[al-Qāhirah]</subfield>
    <subfield code="b">al-Maṭbaʻah al-Khayrīyah</subfield>
    <subfield code="c">[1292 h., 1875 m.]</subfield>
  </datafield>
  <datafield tag="300" ind1=" " ind2=" ">
    <subfield code="a">321 p.</subfield>
    <subfield code="c">23 cm.</subfield>
  </datafield>
  <datafield tag="501" ind1=" " ind2=" ">
    <subfield code="a">With this is bound Sharḥ al-shaykh Muhammad ibn Yūsuf al-Sanūsī ʻala mukhtasarihī fī fann al-manṭiq. [1292 h., 1875 m.]</subfield>
  </datafield>
  <datafield tag="955" ind1=" " ind2=" ">
    <subfield code="b">0026810921</subfield>
    <subfield code="d">glx</subfield>
    <subfield code="e">B753 .B33 H3</subfield>
  </datafield>
</record>
</collection>